@Book{Lee2013,
  author    = {John Lee},
  publisher = {Springer},
  title     = {Introduction to Smooth Manifolds},
  year      = {2013},
}

@Book{Lee2018,
  author    = {John Lee},
  publisher = {Springer},
  title     = {Introduction to Riemannian Manifolds},
  year      = {2018},
}

@Book{Munkres2000,
  author    = {James Munkres},
  publisher = {Prentice Hall},
  title     = {Topology},
  year      = {2000},
}

@Book{Carmo2023,
  author    = {Manfredo Do Carmo},
  publisher = {CRC Press, Taylor & Francis Group},
  title     = {Differential Geometry of Curves and Surfaces},
  year      = {2023},
}

@Book{Axler2024,
  author    = {Sheldon Axler},
  publisher = {Springer International Publishing},
  title     = {Linear Algebra Done Right},
  year      = {2024},
}

@Comment{jabref-meta: databaseType:bibtex;}
